@article{lindsey2004existence,
  title={Existence, uniqueness, and trip cost function properties of user equilibrium in the bottleneck model with multiple user classes},
  author={Lindsey, Robin},
  journal={Transportation science},
  volume={38},
  number={3},
  pages={293--314},
  year={2004},
  publisher={INFORMS}
}

@article{wang2019dynamic,
  title={Dynamic ridesharing with variable-ratio charging-compensation scheme for morning commute},
  author={Wang, Jing-Peng and Ban, Xuegang Jeff and Huang, Hai-Jun},
  journal={Transportation Research Part B: Methodological},
  volume={122},
  pages={390--415},
  year={2019},
  publisher={Elsevier}
}

@article{liu2017pricing,
  title={Pricing scheme design of ridesharing program in morning commute problem},
  author={Liu, Yang and Li, Yuanyuan},
  journal={Transportation Research Part C: Emerging Technologies},
  volume={79},
  pages={156--177},
  year={2017},
  publisher={Elsevier}
}

@article{wang2016equilibrium,
  title={Equilibrium trip scheduling in single bottleneck traffic flows considering multi-class travellers and uncertainty--a complementarity formulation},
  author={Wang, David ZW and Xu, Lingling},
  journal={Transportmetrica A: Transport Science},
  volume={12},
  number={4},
  pages={297--312},
  year={2016},
  publisher={Taylor \& Francis}
}

@incollection{siu2009equilibrium,
  title={Equilibrium trip scheduling in congested traffic under uncertainty},
  author={Siu, Barbara WY and Lo, Hong K},
  booktitle={Transportation and Traffic Theory 2009: Golden Jubilee},
  pages={147--167},
  year={2009},
  publisher={Springer}
}

@article{small1982scheduling,
  title={The scheduling of consumer activities: work trips},
  author={Small, Kenneth A},
  journal={The American Economic Review},
  volume={72},
  number={3},
  pages={467--479},
  year={1982},
  publisher={JSTOR}
}

@article{arnott1994welfare,
  title={The welfare effects of congestion tolls with heterogeneous commuters},
  author={Arnott, Richard and De Palma, Andr{\'e} and Lindsey, Robin},
  journal={Journal of Transport Economics and Policy},
  pages={139--161},
  year={1994},
  publisher={JSTOR}
}
